<record><leader>00000cas a2200000 a 4500</leader><controlfield tag="001">32411597</controlfield><controlfield tag="006">m     o  d        </controlfield><controlfield tag="007">cr cnu||||||||</controlfield><controlfield tag="008">950503c199u9999txudn nso     0    0eng c</controlfield><datafield ind1=" " ind2=" " tag="010"><subfield code="a">sn 95035349 </subfield></datafield><datafield ind1=" " ind2=" " tag="040"><subfield code="a">IXA</subfield><subfield code="b">eng</subfield><subfield code="c">IXA</subfield><subfield code="d">OCL</subfield><subfield code="d">OCLCQ</subfield><subfield code="d">NSD</subfield><subfield code="d">OCLCQ</subfield><subfield code="d">OCLCF</subfield><subfield code="d">OCLCO</subfield><subfield code="d">OCLCQ</subfield><subfield code="d">OCLCA</subfield></datafield><datafield ind1=" " ind2=" " tag="012"><subfield code="i">9505</subfield></datafield><datafield ind1=" " ind2=" " tag="022"><subfield code="y">1090-1108</subfield></datafield><datafield ind1=" " ind2=" " tag="042"><subfield code="a">pcc</subfield></datafield><datafield ind1=" " ind2=" " tag="043"><subfield code="a">n-us-tx</subfield></datafield><datafield ind1="0" ind2=" " tag="130"><subfield code="a">Daily Texan (Austin, Tex. : Online)</subfield></datafield><datafield ind1="1" ind2="4" tag="245"><subfield code="a">The Daily Texan :</subfield><subfield code="b">the student newspaper of the University of Texas at Austin.</subfield></datafield><datafield ind1="3" ind2="0" tag="246"><subfield code="a">Online daily Texan</subfield></datafield><datafield ind1=" " ind2=" " tag="260"><subfield code="a">Austin, Tex. :</subfield><subfield code="b">The University</subfield></datafield><datafield ind1=" " ind2=" " tag="310"><subfield code="a">Daily (except Sat. and Sunday)</subfield></datafield><datafield ind1=" " ind2=" " tag="336"><subfield code="a">text</subfield><subfield code="b">txt</subfield><subfield code="2">rdacontent</subfield></datafield><datafield ind1=" " ind2=" " tag="337"><subfield code="a">computer</subfield><subfield code="b">c</subfield><subfield code="2">rdamedia</subfield></datafield><datafield ind1=" " ind2=" " tag="338"><subfield code="a">online resource</subfield><subfield code="b">cr</subfield><subfield code="2">rdacarrier</subfield></datafield><datafield ind1=" " ind2=" " tag="500"><subfield code="a">Title from web page as viewed Apr. 24, 2000.</subfield></datafield><datafield ind1=" " ind2=" " tag="515"><subfield code="a">Contains only current and last 5 issues.</subfield></datafield><datafield ind1=" " ind2=" " tag="530"><subfield code="a">Also issued in print with title The daily Texan.</subfield></datafield><datafield ind1=" " ind2=" " tag="538"><subfield code="a">Mode of access: World Wide Web.</subfield></datafield><datafield ind1=" " ind2=" " tag="588"><subfield code="a">Description based on: Apr. 27, 1995; title from issue header.</subfield></datafield><datafield ind1="2" ind2="0" tag="610"><subfield code="a">University of Texas at Austin</subfield><subfield code="v">Newspapers.</subfield></datafield><datafield ind1=" " ind2="0" tag="650"><subfield code="a">Universities and colleges</subfield><subfield code="z">Texas</subfield><subfield code="v">Newspapers.</subfield></datafield><datafield ind1="2" ind2="7" tag="610"><subfield code="a">University of Texas at Austin.</subfield><subfield code="2">fast</subfield><subfield code="0">(OCoLC)fst00530514</subfield></datafield><datafield ind1=" " ind2="7" tag="650"><subfield code="a">Universities and colleges.</subfield><subfield code="2">fast</subfield><subfield code="0">(OCoLC)fst01161597</subfield></datafield><datafield ind1=" " ind2="7" tag="651"><subfield code="a">Texas.</subfield><subfield code="2">fast</subfield><subfield code="0">(OCoLC)fst01210336</subfield></datafield><datafield ind1=" " ind2="7" tag="655"><subfield code="a">Newspapers.</subfield><subfield code="2">fast</subfield><subfield code="0">(OCoLC)fst01423814</subfield></datafield><datafield ind1=" " ind2=" " tag="752"><subfield code="a">United States</subfield><subfield code="b">Texas</subfield><subfield code="c">Travis</subfield><subfield code="d">Austin.</subfield></datafield><datafield ind1="1" ind2=" " tag="776"><subfield code="t">Daily Texan</subfield><subfield code="x">1090-1108</subfield><subfield code="w">(DLC)sn 87090650</subfield><subfield code="w">(OCoLC)12033646</subfield></datafield><datafield ind1=" " ind2=" " tag="850"><subfield code="a">TxU</subfield></datafield><datafield ind1="4" ind2=" " tag="856"><subfield code="u">http://www.dailytexan.utexas.edu/webtexan/today/index.html</subfield></datafield><datafield ind1="1" ind2=" " tag="029"><subfield code="a">AU@</subfield><subfield code="b">000011782137</subfield></datafield><datafield ind1="1" ind2=" " tag="029"><subfield code="a">NZ1</subfield><subfield code="b">12143249</subfield></datafield><datafield ind1="1" ind2=" " tag="029"><subfield code="a">NZ1</subfield><subfield code="b">13113440</subfield></datafield><datafield ind1="1" ind2=" " tag="029"><subfield code="a">NZ1</subfield><subfield code="b">14556248</subfield></datafield><datafield ind1="1" ind2=" " tag="029"><subfield code="a">NZ1</subfield><subfield code="b">14857718</subfield></datafield><datafield ind1="1" ind2=" " tag="029"><subfield code="a">OCLCS</subfield><subfield code="b">128036</subfield></datafield></record>